<record><leader>00000cas a2200000 a 4500</leader><controlfield tag="001">29510065</controlfield><controlfield tag="008">931216d19721976cauwr ne      0    0eng c</controlfield><datafield ind1=" " ind2=" " tag="010"><subfield code="a">sn 93053233 </subfield></datafield><datafield ind1=" " ind2=" " tag="040"><subfield code="a">CNK</subfield><subfield code="b">eng</subfield><subfield code="c">CNK</subfield><subfield code="d">CNK</subfield><subfield code="d">OCLCQ</subfield><subfield code="d">OCLCF</subfield><subfield code="d">OCLCO</subfield></datafield><datafield ind1="1" ind2=" " tag="029"><subfield code="a">AU@</subfield><subfield code="b">000010738078</subfield></datafield><datafield ind1=" " ind2=" " tag="042"><subfield code="a">pcc</subfield></datafield><datafield ind1=" " ind2=" " tag="043"><subfield code="a">n-us-ca</subfield></datafield><datafield ind1="0" ind2=" " tag="130"><subfield code="a">Sun-bulletin (Morro Bay, Calif.)</subfield></datafield><datafield ind1="1" ind2="4" tag="245"><subfield code="a">The sun-bulletin.</subfield></datafield><datafield ind1=" " ind2=" " tag="260"><subfield code="a">Morro Bay, Calif. :</subfield><subfield code="b">Paul K. Scripps</subfield></datafield><datafield ind1=" " ind2=" " tag="300"><subfield code="a">v.</subfield></datafield><datafield ind1=" " ind2=" " tag="310"><subfield code="a">Weekly</subfield></datafield><datafield ind1="0" ind2=" " tag="362"><subfield code="a">41st year, no. 46 (May 18, 1972)-45th year, no. 41 (Apr. 8, 1976).</subfield></datafield><datafield ind1=" " ind2=" " tag="500"><subfield code="a">"Serving Morro Bay, Cayucos, Baywood Park, Los Osos, Cambria, San Simeon."</subfield></datafield><datafield ind1=" " ind2=" " tag="530"><subfield code="a">Master negatives are available for duplication from:</subfield><subfield code="b">California Newspaper Microfilm Archive;</subfield><subfield code="c">for further information consult the CNMA at:</subfield><subfield code="u">http://cbsr.ucr.edu</subfield></datafield><datafield ind1=" " ind2="0" tag="651"><subfield code="a">Morro Bay (Calif.)</subfield><subfield code="v">Newspapers.</subfield></datafield><datafield ind1=" " ind2="7" tag="655"><subfield code="a">Newspapers.</subfield><subfield code="2">fast</subfield><subfield code="0">(OCoLC)fst01423814</subfield></datafield><datafield ind1=" " ind2="7" tag="651"><subfield code="a">California</subfield><subfield code="z">Morro Bay.</subfield><subfield code="2">fast</subfield><subfield code="0">(OCoLC)fst01208868</subfield></datafield><datafield ind1=" " ind2=" " tag="752"><subfield code="a">United States</subfield><subfield code="b">California</subfield><subfield code="c">San Luis Obispo</subfield><subfield code="d">Morro Bay.</subfield></datafield><datafield ind1="0" ind2="4" tag="780"><subfield code="t">Sun (Morro Bay, Calif.)</subfield><subfield code="w">(DLC)sn 93053232</subfield></datafield><datafield ind1="0" ind2="4" tag="780"><subfield code="t">Morro Bay bulletin</subfield><subfield code="w">(DLC)sn 99060582</subfield></datafield><datafield ind1="0" ind2="0" tag="785"><subfield code="t">Central Coast sun-bulletin</subfield><subfield code="w">(DLC)sn 93053234</subfield></datafield></record>